@inproceedings{Blei:2003:MAD:860435.860460,
 author = {Blei, David M. and Jordan, Michael I.},
 title = {Modeling Annotated Data},
 booktitle = {Proceedings of the 26th Annual International ACM SIGIR Conference on Research and Development in Informaion Retrieval},
 series = {SIGIR '03},
 year = {2003},
 isbn = {1-58113-646-3},
 location = {Toronto, Canada},
 pages = {127--134},
 numpages = {8},
 url = {http://doi.acm.org/10.1145/860435.860460},
 doi = {10.1145/860435.860460},
 acmid = {860460},
 publisher = {ACM},
 address = {New York, NY, USA},
 keywords = {automatic image annotation, empirical Bayes, image retrieval, probabilistic graphical models, variational methods}
} 

@inproceedings{Das:2014:GBC:2556195.2556231,
 author = {Das, Mrinal Kanti and Bansal, Trapit and Bhattacharyya, Chiranjib},
 title = {Going Beyond Corr-LDA for Detecting Specific Comments on News \&\#38; Blogs},
 booktitle = {Proceedings of the 7th ACM International Conference on Web Search and Data Mining},
 series = {WSDM '14},
 year = {2014},
 isbn = {978-1-4503-2351-2},
 location = {New York, New York, USA},
 pages = {483--492},
 numpages = {10},
 url = {http://doi.acm.org/10.1145/2556195.2556231},
 doi = {10.1145/2556195.2556231},
 acmid = {2556231},
 publisher = {ACM},
 address = {New York, NY, USA},
 keywords = {blogs, comments, correspondence, news, specific},
} 

@inproceedings{Ma:2012:TRC:2396761.2396798,
 author = {Ma, Zongyang and Sun, Aixin and Yuan, Quan and Cong, Gao},
 title = {Topic-driven Reader Comments Summarization},
 booktitle = {Proceedings of the 21st ACM International Conference on Information and Knowledge Management},
 series = {CIKM '12},
 year = {2012},
 isbn = {978-1-4503-1156-4},
 location = {Maui, Hawaii, USA},
 pages = {265--274},
 numpages = {10},
 url = {http://doi.acm.org/10.1145/2396761.2396798},
 doi = {10.1145/2396761.2396798},
 acmid = {2396798},
 publisher = {ACM},
 address = {New York, NY, USA},
 keywords = {comments summarization, master-slave document, topic model}
} 

@inproceedings{Sil:2011:SMC:2063576.2063906,
 author = {Sil, Dyut Kumar and Sengamedu, Srinivasan H. and Bhattacharyya, Chiranjib},
 title = {Supervised Matching of Comments with News Article Segments},
 booktitle = {Proceedings of the 20th ACM International Conference on Information and Knowledge Management},
 series = {CIKM '11},
 year = {2011},
 isbn = {978-1-4503-0717-8},
 location = {Glasgow, Scotland, UK},
 pages = {2125--2128},
 numpages = {4},
 url = {http://doi.acm.org/10.1145/2063576.2063906},
 doi = {10.1145/2063576.2063906},
 acmid = {2063906},
 publisher = {ACM},
 address = {New York, NY, USA},
 keywords = {comments, enrichment, esa, structured classification}
} 

@inproceedings{Titov:2008:MOR:1367497.1367513,
 author = {Titov, Ivan and McDonald, Ryan},
 title = {Modeling Online Reviews with Multi-grain Topic Models},
 booktitle = {Proceedings of the 17th International Conference on World Wide Web},
 series = {WWW '08},
 year = {2008},
 isbn = {978-1-60558-085-2},
 location = {Beijing, China},
 pages = {111--120},
 numpages = {10},
 url = {http://doi.acm.org/10.1145/1367497.1367513},
 doi = {10.1145/1367497.1367513},
 acmid = {1367513},
 publisher = {ACM},
 address = {New York, NY, USA},
 keywords = {clustering, opinion mining, topic models}
} 

@INPROCEEDINGS{Robertson96okapiat,
    author = {S.E. Robertson and S. Walker and S. Jones and M.M. Hancock-Beaulieu and M. Gatford},
    title = {Okapi at TREC-3},
    booktitle = {},
    year = {1996},
    pages = {109--126}
}

@article{1371580,
author = {Frederick Jelinek and Robert L. Mercer},
title = {{Interpolated Estimation of Markov Source Parameters from Sparse Data}},
year = {1980},
masid = {1371580}
}

@misc{openNLP,
    title = {Apache OpenNLP},
    howpublished = {https://opennlp.apache.org/}
}

@book{McCandless:2010:LAS:1893016,
 author = {McCandless, Michael and Hatcher, Erik and Gospodnetic, Otis},
 title = {Lucene in Action, Second Edition: Covers Apache Lucene 3.0},
 year = {2010},
 isbn = {1933988177, 9781933988177},
 publisher = {Manning Publications Co.},
 address = {Greenwich, CT, USA}
}

@article{Miller:1995:WLD:219717.219748,
 author = {Miller, George A.},
 title = {WordNet: A Lexical Database for English},
 journal = {Commun. ACM},
 issue_date = {Nov. 1995},
 volume = {38},
 number = {11},
 month = nov,
 year = {1995},
 issn = {0001-0782},
 pages = {39--41},
 numpages = {3},
 url = {http://doi.acm.org/10.1145/219717.219748},
 doi = {10.1145/219717.219748},
 acmid = {219748},
 publisher = {ACM},
 address = {New York, NY, USA},
}  